%%%%%%%%%%%%%%%%%%%%%%%%%%%
%
% $Autor: Adarsh Pal$
% $Date: 2023-04-12$
%
%%%%%%%%%%%%%%%%%%%%%%%%%%%


%%%%%%%%%%%%%%%%%%%%%%%%%%%%%%%%%%%%%%
%  A
%%%%%%%%%%%%%%%%%%%%%%%%%%%%%%%%%%%%%%
@book{ousterhout2018philosophy,
  author = {Ousterhout, John},
  title = {A Philosophy of Software Design},
  year = {2018},
  publisher = {Addison-Wesley Professional},
  address = {Boston, Massachusetts},
  isbn = {978-0134848717},
}



%%%%%%%%%%%%%%%%%%%%%%%%%%%%%%%%%%%%%%
%  B
%%%%%%%%%%%%%%%%%%%%%%%%%%%%%%%%%%%%%%

@book{tornhill2018software,
  author = {Tornhill, Adam},
  title = {Software Design X-Rays: Fix Technical Debt with Behavioral Code Analysis},
  year = {2018},
  publisher = {Pragmatic Bookshelf},
  address = {Raleigh, North Carolina},
  isbn = {978-1-68050-286-1},
}




