%%%%%%%%%%%%%%%%%%%%%%%%%%%
%
% $Autor: Vikas Ramaswamy$
% $Date: 2023-03-20$
%
%%%%%%%%%%%%%%%%%%%%%%%%%%%


%%%%%%%%%%%%%%%%%%%%%%%%%%%%%%%%%%%%%%
%  A
%%%%%%%%%%%%%%%%%%%%%%%%%%%%%%%%%%%%%%

@article{Alhameed:2022,
author = {Alhameed, Ali and Almazyad, Abdulaziz and Al-Hakami, Ahmed and Al-Dhief, Fahad and Saba, Tanzila},
title = {An Automated Pneumonia Diagnosis System Using Deep Learning Techniques: A Comparative Study},
journal = {Computational Intelligence and Neuroscience},
volume = {2022},
year = {2022},
issn = {1687-5265},
doi = {10.1155/2022/7474304},
url = {https://www.hindawi.com/journals/cin/2022/7474304/},
keywords={Pneumonia, Chest radiography, Machine learning, Deep learning, Convolutional neural network, Feature extraction, Classification, Image processing, Medical imaging, Diagnosis},
}


%%%%%%%%%%%%%%%%%%%%%%%%%%%%%%%%%%%%%%
%  B
%%%%%%%%%%%%%%%%%%%%%%%%%%%%%%%%%%%%%%


%%%%%%%%%%%%%%%%%%%%%%%%%%%%%%%%%%%%%%
%  C
%%%%%%%%%%%%%%%%%%%%%%%%%%%%%%%%%%%%%%

@article{Cheng:2020,
title={AutoCOVID-Xpert: A system for automating COVID-19 diagnosis via X-ray},
author={Cheng, Wei and Huang, Yufei and Huang, Liang and Min, Jian and Zhao, Xueying and Liu, Xiaoping and Li, Yitian and Wu, Xiaoyang},
journal={Journal of Medical Systems},
year={2020},
publisher={Springer},
issn={1573-689X},
doi={10.1007/s10916-020-01798-4},
url={https://www.ncbi.nlm.nih.gov/pmc/articles/PMC7781428/},
keywords={COVID-19, X-ray, Diagnosis, Automation, Deep learning},
}


%%%%%%%%%%%%%%%%%%%%%%%%%%%%%%%%%%%%%%
%  D
%%%%%%%%%%%%%%%%%%%%%%%%%%%%%%%%%%%%%%

@inproceedings{Deng:2009,
title={Imagenet: A large-scale hierarchical image database},
author={Deng, Jia and Dong, Wei and Socher, Richard and Li, Li-Jia and Li, Kai and Fei-Fei, Li},
booktitle={2009 IEEE conference on computer vision and pattern recognition},
year={2009},
pages={248--255},
organization={IEEE},
issn={1063-6919},
doi={10.1109/CVPR.2009.5206848},
url={https://ieeexplore.ieee.org/document/5206848},
keywords={Large-scale systems, Image databases, Explosions, Internet, Robustness, Information retrieval, Image retrieval, Multimedia databases, Ontologies, Spine},
}

%%%%%%%%%%%%%%%%%%%%%%%%%%%%%%%%%%%%%%
%  E
%%%%%%%%%%%%%%%%%%%%%%%%%%%%%%%%%%%%%%



%%%%%%%%%%%%%%%%%%%%%%%%%%%%%%%%%%%%%%
%  F
%%%%%%%%%%%%%%%%%%%%%%%%%%%%%%%%%%%%%%
@inproceedings{Firdiantika:2022,
title={Pneumonia detection in chest X-ray images using convolutional neural network},
author={Firdiantika, Indah Monisa and Jusman, Yessi},
journal={AIP Conference Proceedings},
volume={2499},
number={1},
year={2022},
organization={AIP Publishing LLC}
issn={0094-243X},
doi={10.1063/5.0105004},
url={https://doi.org/10.1063/5.0105004},
keywords={COVID-19, Mathematical modeling, Infectious diseases, Public health, Transmission dynamics},
}

%%%%%%%%%%%%%%%%%%%%%%%%%%%%%%%%%%%%%%
%  G
%%%%%%%%%%%%%%%%%%%%%%%%%%%%%%%%%%%%%%
@book{Geron:2022,
title={Hands-on machine learning with Scikit-Learn, Keras, and TensorFlow},
author={Geron Aurelien},
year={2022},
publisher={O'Reilly Media, Inc.},
edition={2},
isbn={9781492032649},
url={https://www.oreilly.com/library/view/hands-on-machine-learning/9781492032632/},
keywords={Machine learning, Scikit-Learn, TensorFlow, Artificial intelligence, Data analysis, Data science, Python programming, Deep learning, Neural networks, Supervised learning, Unsupervised learning, Model evaluation and selection, Feature engineering, Ensemble methods, Convolutional neural networks, Recurrent neural networks, Natural language processing, Recommender systems, Reinforcement learning},
}

%%%%%%%%%%%%%%%%%%%%%%%%%%%%%%%%%%%%%%
%  H
%%%%%%%%%%%%%%%%%%%%%%%%%%%%%%%%%%%%%%

%%%%%%%%%%%%%%%%%%%%%%%%%%%%%%%%%%%%%%
%  I
%%%%%%%%%%%%%%%%%%%%%%%%%%%%%%%%%%%%%%

@article{Ibrahim:2021,
title={Pneumonia Classification Using Deep Learning from Chest X-ray Images During COVID-19},
author={Ibrahim, Abdullahi Umar and Ozsoz, Mehmet and Serte, Sertan and Al-Turjman, Fadi and Yakoi, Polycarp Shizawaliyi},
journal={Cognitive Computation},
year={2021},
issn={1866-9964},
doi={10.1007/s12559-020-09787-5},
url={https://doi.org/10.1007/s12559-020-09787-5},
keywords={Non-COVID-19 viral pneumonia, Bacterial pneumonia, AlexNet, Chest X-rays images (CXR)},
}

@Article{IBM:2020,
author={IBM Cloud Education},
journal={IBM Cloud Learn Hub},
title={Convolutional Neural Networks},
year={2020},
month=oct,
url={https://www.ibm.com/cloud/learn/convolutional-neural-networks},
}
%%%%%%%%%%%%%%%%%%%%%%%%%%%%%%%%%%%%%%
%  J
%%%%%%%%%%%%%%%%%%%%%%%%%%%%%%%%%%%%%%


%%%%%%%%%%%%%%%%%%%%%%%%%%%%%%%%%%%%%%
%  K
%%%%%%%%%%%%%%%%%%%%%%%%%%%%%%%%%%%%%%
@article{Kermany:2018,
title={Identifying medical diagnoses and treatable diseases by image-based deep learning},
author={Kermany, Daniel S and Goldbaum, Michael and Cai, Wenjia and Valentim, Carolina CS and Liang, Huiying and Baxter, Sally L and McKeown, Alex and Yang, Ge and Wu, Xiaokang and Yan, Fangbing and others},
journal={cell},
year={2018},
volume={172},
edition={5},
pages={1122--1131},
publisher={Elsevier},
doi={10.1016/j.cell.2018.02.010},
url={https://pubmed.ncbi.nlm.nih.gov/29474911/},
keywords={age-related macular degeneration, artificial intelligence, choroidal neovascularization, deep learning, diabetic macular edema, diabetic retinopathy, optical coherence tomography, pneumonia, screening, transfer learning},
}

@article{KE:2022,
author={Swapna, KE},
title={Convolutional Nural Network | Deep Learning},
year={2022},
url={https://developersbreach.com/convolution-neural-network-deep-learning/},
}

%%%%%%%%%%%%%%%%%%%%%%%%%%%%%%%%%%%%%%
%  L
%%%%%%%%%%%%%%%%%%%%%%%%%%%%%%%%%%%%%%
@book{Lim:2022,
title={Pneumonia},
author={Wei Shen Lim},
booktitle={Encyclopedia of Respiratory Medicine},
year={2022},
publisher={Academic Press},
edition={2},
isbn={978-0-08-102724-0},
doi={10.1016/B978-0-12-801238-3.11636-8},
url={https://doi.org/10.1016/B978-0-12-801238-3.11636-8},
keywords={Bacterial pneumonia, Biomarkers, Community acquired pneumonia, Fungal pneumonia, Hospital-acquired pneumonia, Immunocompromised, Influenza, Legionella pneumonia, Lower respiratory tract infection, Streptococcus pneumoniae, Ventilator-acquired pneumonia, Viral pneumonia},
}

%%%%%%%%%%%%%%%%%%%%%%%%%%%%%%%%%%%%%%
%  M
%%%%%%%%%%%%%%%%%%%%%%%%%%%%%%%%%%%%%%

%%%%%%%%%%%%%%%%%%%%%%%%%%%%%%%%%%%%%%
%  N
%%%%%%%%%%%%%%%%%%%%%%%%%%%%%%%%%%%%%%


%%%%%%%%%%%%%%%%%%%%%%%%%%%%%%%%%%%%%%
%  O
%%%%%%%%%%%%%%%%%%%%%%%%%%%%%%%%%%%%%%


%%%%%%%%%%%%%%%%%%%%%%%%%%%%%%%%%%%%%%
%  P
%%%%%%%%%%%%%%%%%%%%%%%%%%%%%%%%%%%%%%


%%%%%%%%%%%%%%%%%%%%%%%%%%%%%%%%%%%%%%
%  Q
%%%%%%%%%%%%%%%%%%%%%%%%%%%%%%%%%%%%%%



%%%%%%%%%%%%%%%%%%%%%%%%%%%%%%%%%%%%%%
%  R
%%%%%%%%%%%%%%%%%%%%%%%%%%%%%%%%%%%%%%

@article{Rajpurkar:2017,
title={CheXNet: Radiologist-level pneumonia detection on chest X-rays with deep learning},
author={Rajpurkar, Pranav and Irvin, Jeremy and Zhu, Kaylie and Yang, Brandon and Mehta, Hershel and Duan, Tony and Ding, Dongyang and Bagul, Aarti and Langlotz, Curtis and Shpanskaya, Katie},
journal={arXiv preprint arXiv:1711.05225},
year={2017},
url={https://arxiv.org/abs/1711.05225#},
keywords={ChexNet, Radiologist Performance, AUROC, X-rays},
}

@article{Rajpurkar:2018,
title={Mura: Large dataset for abnormality detection in musculoskeletal radiographs},
author={Rajpurkar, Pranav and Irvin, Jeremy and Bagul, Aarti and Ding, Daisy and Duan, Tony and Mehta, Hershel and Yang, Brandon and Zhu, Kaylie and Laird, Dillon and Ball, Robyn L and others},
journal={arXiv preprint arXiv:1712.06957},
year={2017},
url={https://doi.org/10.48550/arXiv.1712.06957},
keywords={Machine learning, Deep learning, Computer vision, Object detection, Convolutional neural networks, Image recognition, Feature extraction, Transfer learning, Dataset, Performance evaluation},
}

%%%%%%%%%%%%%%%%%%%%%%%%%%%%%%%%%%%%%%
%  S
%%%%%%%%%%%%%%%%%%%%%%%%%%%%%%%%%%%%%%
@book{Szeliski:2022,
title={Computer vision: algorithms and applications},
author={Szeliski, Richard},
year={2022},
publisher={Springer Nature},
isbn={978-3-030-34372-9},
url={https://szeliski.org/Book/},
keywords={Regularization Techniques, Dropout, Early Stopping, Batch Normalization, Hyperparameter Tuning, Model Selection, Model Evaluation, Evaluation Metrics, Bias-Variance Tradeoff, Gradient Descent, Backpropagation, Data Augmentation, Exploratory Data Analysis},
}

%%%%%%%%%%%%%%%%%%%%%%%%%%%%%%%%%%%%%%
%  T
%%%%%%%%%%%%%%%%%%%%%%%%%%%%%%%%%%%%%%


%%%%%%%%%%%%%%%%%%%%%%%%%%%%%%%%%%%%%%
%  U
%%%%%%%%%%%%%%%%%%%%%%%%%%%%%%%%%%%%%%



%%%%%%%%%%%%%%%%%%%%%%%%%%%%%%%%%%%%%%
%  V
%%%%%%%%%%%%%%%%%%%%%%%%%%%%%%%%%%%%%%


%%%%%%%%%%%%%%%%%%%%%%%%%%%%%%%%%%%%%%
%  W
%%%%%%%%%%%%%%%%%%%%%%%%%%%%%%%%%%%%%%

@inproceedings{Wang:2017,
title={ChestX-ray8: Hospital-scale chest X-ray database and benchmarks on weakly-supervised classification and localization of common thorax diseases},
author={Wang, Xiaosong and Peng, Yifan and Lu, Le and Lu, Zhiyong and Bagheri, Mohammadhadi and Summers, Ronald M.},
booktitle={Proceedings of the IEEE Conference on Computer Vision and Pattern Recognition},
year={2017},
publisher={IEEE},
doi={10.1109/CVPR.2017.369},
url={https://openaccess.thecvf.com/content_cvpr_2017/html/Wang_ChestX-ray8_Hospital-Scale_Chest_CVPR_2017_paper.html},
keywords={X-ray, Diagnosis, Automation, Deep learning, CNN},
}

@article{Witten:2002,
title={Data mining: practical machine learning tools and techniques with Java implementations},
author={Witten, Ian H and Frank, Eibe},
journal={Morgan Kaufmann},
year={2002},
volume={31},
number={1},
pages={76--77},
publisher={ACM New York, NY, USA},
isbn={1-55860-552-5},
url={https://www.researchgate.net/publication/30876208_Data_Mining_-_Practical_Machine_Learning_Tools_and_Techniques_with_JAVA_Implementations},
keywords={Feature selection, Model evaluation, Clustering, Association rule mining, Decision trees, Neural networks, Genetic algorithms, Support vector machines, Ensemble methods, Text mining, Web mining},
}


%%%%%%%%%%%%%%%%%%%%%%%%%%%%%%%%%%%%%%
%  X
%%%%%%%%%%%%%%%%%%%%%%%%%%%%%%%%%%%%%%



%%%%%%%%%%%%%%%%%%%%%%%%%%%%%%%%%%%%%%
%  Y
%%%%%%%%%%%%%%%%%%%%%%%%%%%%%%%%%%%%%%


%%%%%%%%%%%%%%%%%%%%%%%%%%%%%%%%%%%%%%
%  Z
%%%%%%%%%%%%%%%%%%%%%%%%%%%%%%%%%%%%%%

@book{Zhou:2018,
author={Zhou, S. Kevin and Greenspan, Hayit and Shen, Dinggang},
title={{Deep Learning for Medical Image Analysis}},
publisher={{Academic Press}},
year={2018},
edition={1st},
isbn={9780128104088},
url={https://www.sciencedirect.com/book/9780128104088/deep-learning-for-medical-image-analysis},
keywords={Deep learning, Medical image analysis, Convolutional neural networks, Recurrent neural networks, Autoencoders, Generative adversarial networks, Image segmentation, Image registration, Image classification},
}
%%%%%%%%%%%%%%%%%%%%%%%%%%%%%%%%%%%%%%