%%%%%%%%%%%%%%%%%%%%%%%%%%%
%
% $Autor: Vikas Ramaswamy$
% $Date: 2023-03-20$
%
%%%%%%%%%%%%%%%%%%%%%%%%%%%


%%%%%%%%%%%%%%%%%%%%%%%%%%%%%%%%%%%%%%
%  A
%%%%%%%%%%%%%%%%%%%%%%%%%%%%%%%%%%%%%%

@article{Alhameed:2022,
author = {Alhameed, Ali and Almazyad, Abdulaziz and Al-Hakami, Ahmed and Al-Dhief, Fahad and Saba, Tanzila},
title = {An Automated Pneumonia Diagnosis System Using Deep Learning Techniques: A Comparative Study},
journal = {Computational Intelligence and Neuroscience},
volume = {2022},
year = {2022},
issn = {1687-5265},
doi = {10.1155/2022/7474304},
url = {https://www.hindawi.com/journals/cin/2022/7474304/},
keywords={Pneumonia, Chest radiography, Machine learning, Deep learning, Convolutional neural network, Feature extraction, Classification, Image processing, Medical imaging, Diagnosis},
}

@inproceedings{Arunmozhi:2021,
author={Arunmozhi, S. and Rajinikanth, V. and Rajakumar, M.P.},
booktitle={2021 International Conference on System, Computation, Automation and Networking (ICSCAN)}, 
title={Deep-Learning based Automated Detection of Pneumonia in Chest Radiographs}, 
year={2021},
pages={1-4},
doi={10.1109/ICSCAN53069.2021.9526482},
url={https://ieeexplore.ieee.org/abstract/document/9526482},
}


%%%%%%%%%%%%%%%%%%%%%%%%%%%%%%%%%%%%%%
%  B
%%%%%%%%%%%%%%%%%%%%%%%%%%%%%%%%%%%%%%
@Article{Boesch:2022,
author={Boesch, Gaudenz},
title={TensorFlow Lite - Real-Time Computer Vision on Edge Devices},
year={2022},
url={https://viso.ai/edge-ai/tensorflow-lite/},
}

@article{Breiman:2001,
author={Breiman, Leo},
title={Random forests},
journal={Machine learning},
year={2001},
volume={45},
number={1},
pages={5--32},
publisher={Springer},
doi={https://doi.org/10.1023/A:1010933404324},
}

%%%%%%%%%%%%%%%%%%%%%%%%%%%%%%%%%%%%%%
%  C
%%%%%%%%%%%%%%%%%%%%%%%%%%%%%%%%%%%%%%

@article{Cheng:2020,
title={AutoCOVID-Xpert: A system for automating COVID-19 diagnosis via X-ray},
author={Cheng, Wei and Huang, Yufei and Huang, Liang and Min, Jian and Zhao, Xueying and Liu, Xiaoping and Li, Yitian and Wu, Xiaoyang},
journal={Journal of Medical Systems},
year={2020},
publisher={Springer},
issn={1573-689X},
doi={10.1007/s10916-020-01798-4},
url={https://www.ncbi.nlm.nih.gov/pmc/articles/PMC7781428/},
keywords={COVID-19, X-ray, Diagnosis, Automation, Deep learning},
}

@misc{Cohen:2017,
author={Cohen, Joseph Paul and Morrison, Paul and Dao, Long and Roth, Kip and Duong, Tien and Ghassemi, Marzyeh},
title={COVID-19 image data collection},
year={2020},
publisher={Mendeley Data},
doi={10.17632/rscbjbr9sj.2},
howpublished={\url{https://data.mendeley.com/datasets/rscbjbr9sj/2}}
}
@misc{chollet:2015,
title={Keras},
author={Chollet, Francois and others},
year={2015},
publisher={GitHub},
howpublished={\url{https://keras.io}},
}

@article{cortes:2009,
title={Support-vector networks},
author={Cortes, Corinna and Vapnik, Vladimir},
journal={Chem. Biol. Drug Des.},
year={2009},
volume={20},
number={3},
pages={273--297},
publisher={Springer},
doi={10.1007/%2FBF00994018},
}

@article{cellina2022artificial,
title={Artificial Intelligence in Lung Cancer Imaging: Unfolding the Future},
author={Cellina, Michaela and C{\`e}, Maurizio and Irmici, Giovanni and Ascenti, Velio and Khenkina, Natallia and Toto-Brocchi, Marco and Martinenghi, Carlo and Papa, Sergio and Carrafiello, Gianpaolo},
journal={Diagnostics},
volume={12},
number={11},
pages={2644},
year={2022},
publisher={MDPI},
url={https://www.mdpi.com/2075-4418/12/11/2644},
}


%%%%%%%%%%%%%%%%%%%%%%%%%%%%%%%%%%%%%%
%  D
%%%%%%%%%%%%%%%%%%%%%%%%%%%%%%%%%%%%%%
@book{Deserno:2011,
author={Deserno, Thomas M},
title={Springer Handbook of Medical Technology},
year={2011},
publisher={Springer Science \& Business Media},
isbn={978-3-540-74657-7},
url={https://link.springer.com/chapter/10.1007/978-3-540-74658-4_62},
keywords={CT scan, X-ray, MRI, SCT, Image classification, Screening},
}

@inproceedings{Deng:2009,
title={Imagenet: A large-scale hierarchical image database},
author={Deng, Jia and Dong, Wei and Socher, Richard and Li, Li-Jia and Li, Kai and Fei-Fei, Li},
booktitle={2009 IEEE conference on computer vision and pattern recognition},
year={2009},
pages={248--255},
organization={IEEE},
issn={1063-6919},
doi={10.1109/CVPR.2009.5206848},
url={https://ieeexplore.ieee.org/document/5206848},
keywords={Large-scale systems, Image databases, Explosions, Internet, Robustness, Information retrieval, Image retrieval, Multimedia databases, Ontologies, Spine},
}

@Article{David:2021,
author={Robert, David and Jared, Duke and Advait, Jain and Vijay, Janapa Reddi and Nat, Jeffries and Jian, Li and Nick, Kreeger and Ian, Nappier and Meghna, Natraj and Tiezhen, Wang and Warden, Pete and Rhodes, Rocky},
journal={Proceedings of Machine Learning and Systems},
title={TensorFlow Lite Micro: Embedded Machine Learning for TinyML Systems},
year={2021},
volume={3},
doi={https://doi.org/10.48550/arXiv.2010.08678},
}
%%%%%%%%%%%%%%%%%%%%%%%%%%%%%%%%%%%%%%
%  E
%%%%%%%%%%%%%%%%%%%%%%%%%%%%%%%%%%%%%%



%%%%%%%%%%%%%%%%%%%%%%%%%%%%%%%%%%%%%%
%  F
%%%%%%%%%%%%%%%%%%%%%%%%%%%%%%%%%%%%%%

@online{flaskdocs:2021,
author = {Pallets Projects},
title = {Flask Documentation},
year = {2021},
url = {https://flask.palletsprojects.com/},
note = {Accessed: June 27, 2023},
}

@inproceedings{Firdiantika:2022,
title={Pneumonia detection in chest X-ray images using convolutional neural network},
author={Firdiantika, Indah Monisa and Jusman, Yessi},
journal={AIP Conference Proceedings},
volume={2499},
number={1},
year={2022},
organization={AIP Publishing LLC}
issn={0094-243X},
doi={10.1063/5.0105004},
url={https://doi.org/10.1063/5.0105004},
keywords={COVID-19, Mathematical modeling, Infectious diseases, Public health, Transmission dynamics},
}

@Article{Fayyad:1996,
author={Fayyad, Usama and Shapiro, Gregory and Smyth, Padhraic},
journal={ASSOCIATION FOR THE ADVANCEMENT OF ARTIFICIAL INTELLIGENCE},
title={Knowledge Discovery and Data Mining:Towards a Unifying Framework},
year={1996},
url={https://www.aaai.org/Papers/KDD/1996/KDD96-014.pdf},
}
%%%%%%%%%%%%%%%%%%%%%%%%%%%%%%%%%%%%%%
%  G
%%%%%%%%%%%%%%%%%%%%%%%%%%%%%%%%%%%%%%
@book{Geron:2022,
title={Hands-on machine learning with Scikit-Learn, Keras, and TensorFlow},
author={Geron Aurelien},
year={2022},
publisher={O'Reilly Media, Inc.},
edition={2},
isbn={9781492032649},
url={https://www.oreilly.com/library/view/hands-on-machine-learning/9781492032632/},
keywords={Machine learning, Scikit-Learn, TensorFlow, Artificial intelligence, Data analysis, Data science, Python programming, Deep learning, Neural networks, Supervised learning, Unsupervised learning, Model evaluation and selection, Feature engineering, Ensemble methods, Convolutional neural networks, Recurrent neural networks, Natural language processing, Recommender systems, Reinforcement learning},
}

%%%%%%%%%%%%%%%%%%%%%%%%%%%%%%%%%%%%%%
%  H
%%%%%%%%%%%%%%%%%%%%%%%%%%%%%%%%%%%%%%


@inproceedings{han2021pneumonia,
title={Pneumonia detection on chest x-ray using radiomic features and contrastive learning},
author={Han, Yan and Chen, Chongyan and Tewfik, Ahmed and Ding, Ying and Peng, Yifan},
booktitle={2021 IEEE 18th International Symposium on Biomedical Imaging (ISBI)},
pages={247--251},
year={2021},
organization={IEEE}
url={https://www.ncbi.nlm.nih.gov/pmc/articles/PMC9096898/}
}

@article{hunt:2018,
author = {Hunt-Walker, Nicholas},
title = {An introduction to the Flask Python web app framework},
journal = {Opensource.com},
year = {2018},
month = {4},
day = {2},
url = {https://opensource.com/article/18/4/flask},
note = {Accessed: June 21, 2023},
}


%%%%%%%%%%%%%%%%%%%%%%%%%%%%%%%%%%%%%%
%  I
%%%%%%%%%%%%%%%%%%%%%%%%%%%%%%%%%%%%%%

@article{Ibrahim:2021,
title={Pneumonia Classification Using Deep Learning from Chest X-ray Images During COVID-19},
author={Ibrahim, Abdullahi Umar and Ozsoz, Mehmet and Serte, Sertan and Al-Turjman, Fadi and Yakoi, Polycarp Shizawaliyi},
journal={Cognitive Computation},
year={2021},
issn={1866-9964},
doi={10.1007/s12559-020-09787-5},
url={https://doi.org/10.1007/s12559-020-09787-5},
keywords={Non-COVID-19 viral pneumonia, Bacterial pneumonia, AlexNet, Chest X-rays images (CXR)},
}

@Article{IBM:2020,
author={IBM Cloud Education},
journal={IBM Cloud Learn Hub},
title={Convolutional Neural Networks},
year={2020},
month=oct,
url={https://www.ibm.com/cloud/learn/convolutional-neural-networks},
}
%%%%%%%%%%%%%%%%%%%%%%%%%%%%%%%%%%%%%%
%  J
%%%%%%%%%%%%%%%%%%%%%%%%%%%%%%%%%%%%%%
@article{jain2022deep,
title={Deep Learning-Aided Automated Pneumonia Detection and Classification Using CXR Scans},
author={Jain, Deepak Kumar and Singh, Tarishi and Saurabh, Praneet and Bisen, Dhananjay and Sahu, Neeraj and Mishra, Jayant and Rahman, Habibur},
journal={Computational Intelligence and Neuroscience},
volume={2022},
year={2022},
publisher={Hindawi}
url={https://www.hindawi.com/journals/cin/2022/7474304/#conflicts-of-interest}
}

%%%%%%%%%%%%%%%%%%%%%%%%%%%%%%%%%%%%%%
%  K
%%%%%%%%%%%%%%%%%%%%%%%%%%%%%%%%%%%%%%
@article{Kermany:2018,
title={Identifying medical diagnoses and treatable diseases by image-based deep learning},
author={Kermany, Daniel S and Goldbaum, Michael and Cai, Wenjia and Valentim, Carolina CS and Liang, Huiying and Baxter, Sally L and McKeown, Alex and Yang, Ge and Wu, Xiaokang and Yan, Fangbing and others},
journal={cell},
year={2018},
volume={172},
edition={5},
pages={1122--1131},
publisher={Elsevier},
doi={10.1016/j.cell.2018.02.010},
url={https://pubmed.ncbi.nlm.nih.gov/29474911/},
keywords={age-related macular degeneration, artificial intelligence, choroidal neovascularization, deep learning, diabetic macular edema, diabetic retinopathy, optical coherence tomography, pneumonia, screening, transfer learning},
}

@article{KE:2022,
author={Swapna, KE},
title={Convolutional Nural Network | Deep Learning},
year={2022},
url={https://developersbreach.com/convolution-neural-network-deep-learning/},
}

@Article{Khandelwal:2020,
author={Khandelwal, Renu},
title={A Basic Introduction to TensorFlow Lite},
year={2020},
url={https://towardsdatascience.com/a-basic-introduction-to-tensorflow-lite-59e480c57292},
}


@article{kareem2022review,
title={Review on Pneumonia Image Detection: A Machine Learning Approach},
author={Kareem, Amer and Liu, Haiming and Sant, Paul},
journal={Human-Centric Intelligent Systems},
volume={2},
number={1-2},
pages={31--43},
year={2022},
publisher={Springer},
url={https://link.springer.com/article/10.1007/s44230-022-00002-2},
}

@article{kundu2021pneumonia,
title={Pneumonia detection in chest X-ray images using an ensemble of deep learning models},
author={Kundu, Rohit and Das, Ritacheta and Geem, Zong Woo and Han, Gi-Tae and Sarkar, Ram},
journal={PloS one},
volume={16},
number={9},
pages={e0256630},
year={2021},
publisher={Public Library of Science San Francisco, CA USA},
url={https://journals.plos.org/plosone/article?id=10.1371/journal.pone.0256630},
}


%%%%%%%%%%%%%%%%%%%%%%%%%%%%%%%%%%%%%%
%  L
%%%%%%%%%%%%%%%%%%%%%%%%%%%%%%%%%%%%%%
@book{Lim:2022,
title={Pneumonia},
author={Wei Shen Lim},
booktitle={Encyclopedia of Respiratory Medicine},
year={2022},
publisher={Academic Press},
edition={2},
isbn={978-0-08-102724-0},
doi={10.1016/B978-0-12-801238-3.11636-8},
url={https://doi.org/10.1016/B978-0-12-801238-3.11636-8},
keywords={Bacterial pneumonia, Biomarkers, Community acquired pneumonia, Fungal pneumonia, Hospital-acquired pneumonia, Immunocompromised, Influenza, Legionella pneumonia, Lower respiratory tract infection, Streptococcus pneumoniae, Ventilator-acquired pneumonia, Viral pneumonia},
}

@article{lecun:1998,
title={Gradient-based learning applied to document recognition},
author={LeCun, Yann and Bottou, L{\'e}on and Bengio, Yoshua and Haffner, Patrick},
journal={Proceedings of the IEEE},
volume={86},
number={11},
pages={2278--2324},
year={1998},
publisher={IEEE},
url={https://ieeexplore.ieee.org/document/726791},
}

%%%%%%%%%%%%%%%%%%%%%%%%%%%%%%%%%%%%%%
%  M
%%%%%%%%%%%%%%%%%%%%%%%%%%%%%%%%%%%%%%

@misc{Mooney:2018,
author={Mooney, Paul Timothy},
title={Chest X-Ray Images (Pneumonia)},
year={2018},
publisher={Kaggle},
howpublished={\url{https://www.kaggle.com/paultimothymooney/chest-xray-pneumonia}},
}
%%%%%%%%%%%%%%%%%%%%%%%%%%%%%%%%%%%%%%
%  N
%%%%%%%%%%%%%%%%%%%%%%%%%%%%%%%%%%%%%%


%%%%%%%%%%%%%%%%%%%%%%%%%%%%%%%%%%%%%%
%  O
%%%%%%%%%%%%%%%%%%%%%%%%%%%%%%%%%%%%%%


%%%%%%%%%%%%%%%%%%%%%%%%%%%%%%%%%%%%%%
%  P
%%%%%%%%%%%%%%%%%%%%%%%%%%%%%%%%%%%%%%


%%%%%%%%%%%%%%%%%%%%%%%%%%%%%%%%%%%%%%
%  Q
%%%%%%%%%%%%%%%%%%%%%%%%%%%%%%%%%%%%%%



%%%%%%%%%%%%%%%%%%%%%%%%%%%%%%%%%%%%%%
%  R
%%%%%%%%%%%%%%%%%%%%%%%%%%%%%%%%%%%%%%

@article{Rajpurkar:2017,
title={CheXNet: Radiologist-level pneumonia detection on chest X-rays with deep learning},
author={Rajpurkar, Pranav and Irvin, Jeremy and Zhu, Kaylie and Yang, Brandon and Mehta, Hershel and Duan, Tony and Ding, Dongyang and Bagul, Aarti and Langlotz, Curtis and Shpanskaya, Katie},
journal={arXiv preprint arXiv:1711.05225},
year={2017},
url={https://arxiv.org/abs/1711.05225#},
keywords={ChexNet, Radiologist Performance, AUROC, X-rays},
}

@article{Rajpurkar:2018,
title={Mura: Large dataset for abnormality detection in musculoskeletal radiographs},
author={Rajpurkar, Pranav and Irvin, Jeremy and Bagul, Aarti and Ding, Daisy and Duan, Tony and Mehta, Hershel and Yang, Brandon and Zhu, Kaylie and Laird, Dillon and Ball, Robyn L and others},
journal={arXiv preprint arXiv:1712.06957},
year={2017},
url={https://doi.org/10.48550/arXiv.1712.06957},
keywords={Machine learning, Deep learning, Computer vision, Object detection, Convolutional neural networks, Image recognition, Feature extraction, Transfer learning, Dataset, Performance evaluation},
}

@book{rougier:2021,
TITLE = {{Scientific Visualization: Python + Matplotlib}},
AUTHOR = {Rougier, Nicolas P.},
URL = {https://inria.hal.science/hal-03427242},
EDITOR = {Nicolas P. Rougier},
YEAR = {2021},
MONTH = Nov,
KEYWORDS = {Scientific Visualization ; Data Visualization ; Python ; Matplotlib ; Numpy ; Plotting},
PDF = {https://inria.hal.science/hal-03427242/file/scientific-visualization-python-matplotlib.pdf},
HAL_ID = {hal-03427242},
HAL_VERSION = {v1},
}

%%%%%%%%%%%%%%%%%%%%%%%%%%%%%%%%%%%%%%
%  S
%%%%%%%%%%%%%%%%%%%%%%%%%%%%%%%%%%%%%%
@book{Szeliski:2022,
title={Computer vision: algorithms and applications},
author={Szeliski, Richard},
year={2022},
publisher={Springer Nature},
isbn={978-3-030-34372-9},
url={https://szeliski.org/Book/},
keywords={Regularization Techniques, Dropout, Early Stopping, Batch Normalization, Hyperparameter Tuning, Model Selection, Model Evaluation, Evaluation Metrics, Bias-Variance Tradeoff, Gradient Descent, Backpropagation, Data Augmentation, Exploratory Data Analysis},
}

%%%%%%%%%%%%%%%%%%%%%%%%%%%%%%%%%%%%%%
%  T
%%%%%%%%%%%%%%%%%%%%%%%%%%%%%%%%%%%%%%


%%%%%%%%%%%%%%%%%%%%%%%%%%%%%%%%%%%%%%
%  U
%%%%%%%%%%%%%%%%%%%%%%%%%%%%%%%%%%%%%%



%%%%%%%%%%%%%%%%%%%%%%%%%%%%%%%%%%%%%%
%  V
%%%%%%%%%%%%%%%%%%%%%%%%%%%%%%%%%%%%%%


%%%%%%%%%%%%%%%%%%%%%%%%%%%%%%%%%%%%%%
%  W
%%%%%%%%%%%%%%%%%%%%%%%%%%%%%%%%%%%%%%

@inproceedings{Wang:2017,
title={ChestX-ray8: Hospital-scale chest X-ray database and benchmarks on weakly-supervised classification and localization of common thorax diseases},
author={Wang, Xiaosong and Peng, Yifan and Lu, Le and Lu, Zhiyong and Bagheri, Mohammadhadi and Summers, Ronald M.},
booktitle={Proceedings of the IEEE Conference on Computer Vision and Pattern Recognition},
year={2017},
publisher={IEEE},
doi={10.1109/CVPR.2017.369},
url={https://openaccess.thecvf.com/content_cvpr_2017/html/Wang_ChestX-ray8_Hospital-Scale_Chest_CVPR_2017_paper.html},
keywords={X-ray, Diagnosis, Automation, Deep learning, CNN},
}

@article{Witten:2002,
title={Data mining: practical machine learning tools and techniques with Java implementations},
author={Witten, Ian H and Frank, Eibe},
journal={Morgan Kaufmann},
year={2002},
volume={31},
number={1},
pages={76--77},
publisher={ACM New York, NY, USA},
isbn={1-55860-552-5},
url={https://www.researchgate.net/publication/30876208_Data_Mining_-_Practical_Machine_Learning_Tools_and_Techniques_with_JAVA_Implementations},
keywords={Feature selection, Model evaluation, Clustering, Association rule mining, Decision trees, Neural networks, Genetic algorithms, Support vector machines, Ensemble methods, Text mining, Web mining},
}

@misc{Wings:2023,
author={Prof.Elmar Wings},
content={Slides from the lecture},
year={2023},
}

%%%%%%%%%%%%%%%%%%%%%%%%%%%%%%%%%%%%%%
%  X
%%%%%%%%%%%%%%%%%%%%%%%%%%%%%%%%%%%%%%



%%%%%%%%%%%%%%%%%%%%%%%%%%%%%%%%%%%%%%
%  Y
%%%%%%%%%%%%%%%%%%%%%%%%%%%%%%%%%%%%%%


%%%%%%%%%%%%%%%%%%%%%%%%%%%%%%%%%%%%%%
%  Z
%%%%%%%%%%%%%%%%%%%%%%%%%%%%%%%%%%%%%%

@book{Zhou:2018,
author={Zhou, S. Kevin and Greenspan, Hayit and Shen, Dinggang},
title={{Deep Learning for Medical Image Analysis}},
publisher={{Academic Press}},
year={2018},
edition={1st},
isbn={9780128104088},
url={https://www.sciencedirect.com/book/9780128104088/deep-learning-for-medical-image-analysis},
keywords={Deep learning, Medical image analysis, Convolutional neural networks, Recurrent neural networks, Autoencoders, Generative adversarial networks, Image segmentation, Image registration, Image classification},
}
%%%%%%%%%%%%%%%%%%%%%%%%%%%%%%%%%%%%%%