%%%%%%%%%%%%%%%%%%%%%%%%%%%
%
% $Autor: Vikas Ramaswamy$
% $Date: 2023-03-20$
%
%%%%%%%%%%%%%%%%%%%%%%%%%%%


%%%%%%%%%%%%%%%%%%%%%%%%%%%%%%%%%%%%%%
%  A
%%%%%%%%%%%%%%%%%%%%%%%%%%%%%%%%%%%%%%



%%%%%%%%%%%%%%%%%%%%%%%%%%%%%%%%%%%%%%
%  B
%%%%%%%%%%%%%%%%%%%%%%%%%%%%%%%%%%%%%%


%%%%%%%%%%%%%%%%%%%%%%%%%%%%%%%%%%%%%%
%  C
%%%%%%%%%%%%%%%%%%%%%%%%%%%%%%%%%%%%%%



%%%%%%%%%%%%%%%%%%%%%%%%%%%%%%%%%%%%%%
%  D
%%%%%%%%%%%%%%%%%%%%%%%%%%%%%%%%%%%%%%

@article{drees:2020,
title={An empirical study on the importance of good coding practices in software development},
author={Drees, Isabell and Shaikh, Farooq K and Shahbaz, Muhammad},
journal={Information and Software Technology},
year={2020},
publisher={Elsevier},
issn={0950-5849},
doi={10.1016/j.infsof.2020.106267},
keywords={Coding practices, Empirical study, Good coding practices, Software development},
}

%%%%%%%%%%%%%%%%%%%%%%%%%%%%%%%%%%%%%%
%  E
%%%%%%%%%%%%%%%%%%%%%%%%%%%%%%%%%%%%%%



%%%%%%%%%%%%%%%%%%%%%%%%%%%%%%%%%%%%%%
%  F
%%%%%%%%%%%%%%%%%%%%%%%%%%%%%%%%%%%%%%


%%%%%%%%%%%%%%%%%%%%%%%%%%%%%%%%%%%%%%
%  G
%%%%%%%%%%%%%%%%%%%%%%%%%%%%%%%%%%%%%%

@article{Gardner:2017,
author = {Gardner, Philippa},
title = {Verified trustworthy software systems},
journal = {Philosophical Transactions of The Royal Society A Mathematical Physical and Engineering Sciences},
year = {2017},
doi = {10.1098/rsta.2015.0408},
keywords = {software analysis, testing and verifcation},
url = {https://www.researchgate.net/publication/319489192_Verified_trustworthy_software_systems},
}

%%%%%%%%%%%%%%%%%%%%%%%%%%%%%%%%%%%%%%
%  H
%%%%%%%%%%%%%%%%%%%%%%%%%%%%%%%%%%%%%%

%%%%%%%%%%%%%%%%%%%%%%%%%%%%%%%%%%%%%%
%  I
%%%%%%%%%%%%%%%%%%%%%%%%%%%%%%%%%%%%%%



%%%%%%%%%%%%%%%%%%%%%%%%%%%%%%%%%%%%%%
%  J
%%%%%%%%%%%%%%%%%%%%%%%%%%%%%%%%%%%%%%


%%%%%%%%%%%%%%%%%%%%%%%%%%%%%%%%%%%%%%
%  K
%%%%%%%%%%%%%%%%%%%%%%%%%%%%%%%%%%%%%%

@article{Kheirkhah:2018,
author  = {Kheirkhah, Ehsan and Sabetzadeh, Mehrdad and Zenios, Stavros A.},
title   = {A systematic review of software design principles and guidelines},
journal = {Information and Software Technology},
year    = {2018},
volume  = {99},
pages   = {83--103},
issn    = {0950-5849},
doi     = {10.1016/j.infsof.2018.02.007},
keywords = {Software design principles, Guidelines, Systematic review},
url     = {https://doi.org/10.1016/j.infsof.2018.02.007},
}


%%%%%%%%%%%%%%%%%%%%%%%%%%%%%%%%%%%%%%
%  L
%%%%%%%%%%%%%%%%%%%%%%%%%%%%%%%%%%%%%%


%%%%%%%%%%%%%%%%%%%%%%%%%%%%%%%%%%%%%%
%  M
%%%%%%%%%%%%%%%%%%%%%%%%%%%%%%%%%%%%%%

@book{Mancuso:2014,
author = {Mancuso, Sandro},
title = {The Software Craftsman: Professionalism, Pragmatism, Pride},
publisher = {Pearson},
year = {2014},
isbn = {9780134052625},
doi = {10.1007/978-1-4302-6584-4},
keywords={software quality, source code evaluation, software development, software engineering},
}

%%%%%%%%%%%%%%%%%%%%%%%%%%%%%%%%%%%%%%
%  N
%%%%%%%%%%%%%%%%%%%%%%%%%%%%%%%%%%%%%%

@article{Nakamura:2021,
author={Nakamura, Masato and Yamamoto, Yoshiaki},
title={A Method for Evaluating the Quality of Source Code in Software Development},
journal={Information},
year={2021},
publisher={MDPI AG},
issn={2078-2489},
doi={10.3390/info12030115},
keywords={software quality, source code evaluation, software development, software engineering},
url={https://doi.org/10.3390/info12030115},
}

%%%%%%%%%%%%%%%%%%%%%%%%%%%%%%%%%%%%%%
%  O
%%%%%%%%%%%%%%%%%%%%%%%%%%%%%%%%%%%%%%

@book{Ousterhout:2018,
author = {Ousterhout, John K.},
title = {A Philosophy of Software Design},
publisher = {Addison-Wesley Professional},
year = {2018},
isbn = {978-1732102217},
doi = {10.1145/3234235},
keywords={software quality, source code evaluation, software development},
}

%%%%%%%%%%%%%%%%%%%%%%%%%%%%%%%%%%%%%%
%  P
%%%%%%%%%%%%%%%%%%%%%%%%%%%%%%%%%%%%%%


%%%%%%%%%%%%%%%%%%%%%%%%%%%%%%%%%%%%%%
%  Q
%%%%%%%%%%%%%%%%%%%%%%%%%%%%%%%%%%%%%%



%%%%%%%%%%%%%%%%%%%%%%%%%%%%%%%%%%%%%%
%  R
%%%%%%%%%%%%%%%%%%%%%%%%%%%%%%%%%%%%%%


%%%%%%%%%%%%%%%%%%%%%%%%%%%%%%%%%%%%%%
%  S
%%%%%%%%%%%%%%%%%%%%%%%%%%%%%%%%%%%%%%

@article{Suzanne:2019,
author = {Suzanne, Miriam},
title = {Code Clarity and Obviousness in Python: A Deep Dive},
journal = {Smashing Magazine},
year = {2019},
doi = {10.18653/v1/d19-1306},
keywords={software quality, source code evaluation, software development, software engineering},
url = {https://www.smashingmagazine.com/2019/05/code-clarity-obviousness-python/},
}

%%%%%%%%%%%%%%%%%%%%%%%%%%%%%%%%%%%%%%
%  T
%%%%%%%%%%%%%%%%%%%%%%%%%%%%%%%%%%%%%%


%%%%%%%%%%%%%%%%%%%%%%%%%%%%%%%%%%%%%%
%  U
%%%%%%%%%%%%%%%%%%%%%%%%%%%%%%%%%%%%%%



%%%%%%%%%%%%%%%%%%%%%%%%%%%%%%%%%%%%%%
%  V
%%%%%%%%%%%%%%%%%%%%%%%%%%%%%%%%%%%%%%


%%%%%%%%%%%%%%%%%%%%%%%%%%%%%%%%%%%%%%
%  X
%%%%%%%%%%%%%%%%%%%%%%%%%%%%%%%%%%%%%%



%%%%%%%%%%%%%%%%%%%%%%%%%%%%%%%%%%%%%%
%  Y
%%%%%%%%%%%%%%%%%%%%%%%%%%%%%%%%%%%%%%


%%%%%%%%%%%%%%%%%%%%%%%%%%%%%%%%%%%%%%
%  Z
%%%%%%%%%%%%%%%%%%%%%%%%%%%%%%%%%%%%%%

@book{Zhou:2018,
author    = {Zhou, S. Kevin and Greenspan, Hayit and Shen, Dinggang},
title     = {{Deep Learning for Medical Image Analysis}},
publisher = {{Academic Press}},
year      = {2018},
edition   = {1st},
isbn      = {9780128104088},
url       = {https://www.sciencedirect.com/book/9780128104088/deep-learning-for-medical-image-analysis},
keywords  = {Deep learning, Medical image analysis, Convolutional neural networks, Recurrent neural networks, Autoencoders, Generative adversarial networks, Image segmentation, Image registration, Image classification},
}
%%%%%%%%%%%%%%%%%%%%%%%%%%%%%%%%%%%%%%